@Online{bib:methodfluxions,
  title =        "Method of Fluxions",
  URL =          "https://en.wikipedia.org/wiki/Method_of_Fluxions",
  urldate =      "2023-03-27",
}

@Online{bib:newtonproject,
  title =        "The Newton Project",
  URL =          "https://www.newtonproject.ox.ac.uk/about-us/newton-project",
  urldate =      "2023-03-27",
}

@Online{bib:fig:exemple,
  title =        "The Newton Project. Mathematical file example.",
  URL =          "https://www.newtonproject.ox.ac.uk/resources/images/texts/CTXT00003-03.png",
  urldate =      "2023-03-27",
}
