@Online{bib:wiki:hilbert,
  title =        "Axiomes de Hilbert",
  URL =          "https://ca.wikipedia.org/wiki/Axiomes_de_Hilbert",
  note =         "Consultat 15/05/2023",
}

@Online{bib:wiki:axioma,
  title =        "Axioma",
  URL =          "https://ca.wikipedia.org/wiki/Axioma",
  note =         "Consultat 15/05/2023",
}
