@Online{bib:wiki:slava,
  title =        "Slava Gerovitch",
  URL =          "https://en.wikipedia.org/wiki/Slava_Gerovitch",
  note =         "Consultat 29/05/2023",
}

@Online{bib:wiki:gelfand,
  title =        "Israel Gelfand",
  URL =          "https://en.wikipedia.org/wiki/Israel_Gelfand",
  note =         "Consultat 29/05/2023",
}
