@Online{bib:fig:proc,
  title =        "{LibreTexts} Espanol. {YBC 6967}",
  URL =          "https://espanol.libretexts.org/Matematicas/Matematicas\_Aplicadas/Algebra\_en\_Cuneiforme\_(Hyrup)/03\%3A\_Las\_T\%C3\%A9cnicas\_Fundamentales\_para\_el\_Segundo\_Grado/3.03\%3A\_YBC\_6967",
}
