@Online{bib:wiki:turing,
  title =        "Alan Turing",
  URL =          "https://en.wikipedia.org/wiki/Alan_Turing",
  note =         "Consultat 03/06/2023",
}

@Online{bib:wiki:enigma,
  title =        "Màquina {ENIGMA}",
  URL =          "https://en.wikipedia.org/wiki/Enigma_machine",
  note =         "Consultat 03/06/2023",
}

@Online{bib:wiki:tma_godel,
  title =        "Gödel's incompleteness theorems",
  URL =          "https://en.wikipedia.org/wiki/G%C3%B6del%27s_incompleteness_theorems",
  note =         "Consultat 17/06/2023",
}
